[{"productName":"Yoplait 0% Greek Mango 120G","productPrice":"€2.00","productPriceAbbrv":" (€1.67/100g)"},{"productName":"Yoplait 0% Greek Strawberry 120G","productPrice":"€2.00","productPriceAbbrv":" (€1.67/100g)"},{"productName":"Yoplait 00% Natural 450G","productPrice":"€2.00","productPriceAbbrv":" (€0.44/100g)"},{"productName":"Yoplait 00% Peach And Nectarine 125G","productPrice":"€2.00","productPriceAbbrv":" (€1.60/100g)"},{"productName":"Yoplait Forest Fruits Yoghurt 125G","productPrice":"€0.70","productPriceAbbrv":" (€0.56/100g)"},{"productName":"Activia 4 Pack Forest Fruits 4 X 120G","productPrice":"€2.00","productPriceAbbrv":" (€1.67/100g)"},{"productName":"Activia Blueberry Yoghurt 4 X125g","productPrice":"€2.00","productPriceAbbrv":" (€0.40/100g)"},{"productName":"Activia Fat Free Peach Yoghurt 4 X 120G","productPrice":"€2.00","productPriceAbbrv":" (€0.42/100g)"},{"productName":"Activia Fat Free Raspberry Yoghurt 4 X 120G","productPrice":"€2.00","productPriceAbbrv":" (€0.42/100g)"},{"productName":"Activia Fat Free Strawberry Yoghurt 4 X 120G","productPrice":"€2.00","productPriceAbbrv":" (€0.42/100g)"},{"productName":"Activia Fat Free Vanilla Yoghurt 4 X 120G","productPrice":"€2.00","productPriceAbbrv":" (€0.42/100g)"},{"productName":"Activia Muesli 4 Pack 125G","productPrice":"€2.00","productPriceAbbrv":" (€1.60/100g)"},{"productName":"Activia Rhubarb Yoghurt 4 X 120G","productPrice":"€2.00","productPriceAbbrv":" (€0.42/100g)"},{"productName":"Activia Strawberry Yoghurt 4 X 120G","productPrice":"€2.00","productPriceAbbrv":" (€0.42/100g)"},{"productName":"Libert Greek Style Vanila 0% Fat Yoghurt 450G","productPrice":"€2.00","productPriceAbbrv":" (€4.45/kg)"},{"productName":"Liberte 0% Fat Grk/Style Mango Yoghurt 4 X100g","productPrice":"€2.00","productPriceAbbrv":" (€0.50/100g)"},{"productName":"Liberte Blueberry Grk/Style 0% Fat Yoghurt 4X100g","productPrice":"€2.00","productPriceAbbrv":" (€0.50/100g)"},{"productName":"Liberte Greek Style Blueberry 0% Fat Yoghurt 450G","productPrice":"€2.00","productPriceAbbrv":" (€4.45/kg)"},{"productName":"Liberte Greek Style Strawberry 0% Fat Yoghurt 450G","productPrice":"€2.00","productPriceAbbrv":" (€0.44/100g)"},{"productName":"Liberte Strawberry Grk/Style 0% Fat Yoghurt 4X100g","productPrice":"€2.00","productPriceAbbrv":" (€0.50/100g)"},{"productName":"Glenisk 0% Fat Strawberry Greek Yoghurt 4 X100g","productPrice":"€1.49","productPriceAbbrv":" (€3.73/kg)"},{"productName":"Glenisk Blackberry 0% Fat Greek Protein Yoghurt 4 Pack","productPrice":"€1.49","productPriceAbbrv":" (€3.73/kg)"},{"productName":"Glenisk Natural 0% Fat Greek Protein Yoghurt 4 Pack","productPrice":"€1.49","productPriceAbbrv":" (€3.73/kg)"},{"productName":"Glenisk Vanilla 0% Fat Greek Protein Yoghurt 4 Pack","productPrice":"€1.49","productPriceAbbrv":" (€3.73/kg)"},{"productName":"Glenisk 0% Fat Raspberry Greek Prtn Yoghurt 150G","productPrice":"€1.00","productPriceAbbrv":" (€6.67/kg)"},{"productName":"Glenisk 0% Fat Strawberry Greek Prtn Yoghurt 150G","productPrice":"€1.00","productPriceAbbrv":" (€6.67/kg)"},{"productName":"Glenisk Coconut 0% Fat Greek Protein Yoghurt 150G","productPrice":"€1.00","productPriceAbbrv":" (€6.67/kg)"},{"productName":"Glenisk Irish Strained Prtn Yoghurt Lemon 150G","productPrice":"€1.00","productPriceAbbrv":" (€0.67/100g)"},{"productName":"Glenisk Natural 0% Fat Greek Protein Yoghurt 150G","productPrice":"€1.00","productPriceAbbrv":" (€6.67/kg)"},{"productName":"Glenisk Vanilla 0% Fat Greek Protein Yoghurt 150G","productPrice":"€1.00","productPriceAbbrv":" (€6.67/kg)"},{"productName":"Lindahls Kvarg Peach And Passion Fruit 150G Pot","productPrice":"€1.00","productPriceAbbrv":" (€6.67/kg)"},{"productName":"Lindahls Kvarg Raspberry 150G Pot","productPrice":"€1.00","productPriceAbbrv":" (€6.67/kg)"},{"productName":"Lindahls Kvarg Vanilla 150G Pot","productPrice":"€1.00","productPriceAbbrv":" (€6.67/kg)"},{"productName":"Mul/Cnr Yoghurt Strawberry Shortcakes And Digestive 6X130g","productPrice":"€4.19","productPriceAbbrv":" (€0.54/100g)"},{"productName":"Mul/Cnr Creamy Toffee Hoops Yoghurt 130G","productPrice":"€0.85","productPriceAbbrv":" (€0.65/100g)"},{"productName":"Danone Light And Free Blueberry Yoghurt 4 X 115G","productPrice":"€2.99","productPriceAbbrv":" (€0.65/100g)"},{"productName":"Muller Light Mixed Red Fruits Yoghurt 6 X 160 G","productPrice":"€2.09","productPriceAbbrv":" (€0.22/100g)"},{"productName":"Muller Light Summer Edition Yoghurt 6 X 160 G","productPrice":"€2.09","productPriceAbbrv":" (€0.22/100g)"},{"productName":"Muller Light Toffee And Vanilla Yoghurt 6 X 160G","productPrice":"€2.09","productPriceAbbrv":" (€0.22/100g)"},{"productName":"Muller Light Yellow Fruit Yoghurt 6 X 160G","productPrice":"€2.09","productPriceAbbrv":" (€0.22/100g)"},{"productName":"Activia Fusion Prune Yoghurt 4 X125g","productPrice":"€2.00","productPriceAbbrv":" (€0.40/100g)"},{"productName":"Activia Natural Yoghurt 4 X125g","productPrice":"€2.00","productPriceAbbrv":" (€0.40/100g)"},{"productName":"Danone Biological Activia Cereal 4 X 125G","productPrice":"€2.00","productPriceAbbrv":" (€0.42/100g)"},{"productName":"Irish Yoghurt 0% Fat Grk/Style Live Yoghurt Berries 500G","productPrice":"€2.00","productPriceAbbrv":" (€4.00/kg)"},{"productName":"Irish Yoghurt 0% Fat Grk/Style Live Yoghurt Strawberry 500G","productPrice":"€2.00","productPriceAbbrv":" (€4.00/kg)"},{"productName":"Irish Yoghurt 0% Fat Grk/Style Live Yoghurt Variety 500G","productPrice":"€2.00","productPriceAbbrv":" (€4.00/kg)"},{"productName":"Irish Yoghurt 0% Fat Grk/Style Yoghurt Mango And Pasn500g","productPrice":"€2.00","productPriceAbbrv":" (€4.00/kg)"},{"productName":"Yoplait Double 00% Pineapple 4X125g","productPrice":"€2.00","productPriceAbbrv":" (€4.00/kg)"},{"productName":"Yoplait Double 00% Strawberry 4X125g","productPrice":"€2.00","productPriceAbbrv":" (€4.00/kg)"},{"productName":"Liberte 0% Fat Grk/Style Natural Yoghurt 500G","productPrice":"€2.00","productPriceAbbrv":" (€0.40/100g)"},{"productName":"Glenisk Organic Kids No Added Sugar Banana 4X90g","productPrice":"€2.00","productPriceAbbrv":" (€0.56/100g)"},{"productName":"Glenisk Organic Kids No Added Sugar Strawberry Yoghurt 4 X90g","productPrice":"€2.00","productPriceAbbrv":" (€0.56/100g)"},{"productName":"Glenisk Organic Kids No Added Sugar Vanilla Yoghurt 4 X90g","productPrice":"€2.00","productPriceAbbrv":" (€0.56/100g)"},{"productName":"Munch Bunch Squashum Strawberry Raspberry Yoghurt 360G","productPrice":"€2.00","productPriceAbbrv":" (€0.56/100g)"},{"productName":"Munch Bunch Squashum Strawberry Yoghurt 6 X60g","productPrice":"€2.00","productPriceAbbrv":" (€0.56/100g)"},{"productName":"Petis Filous Magic Squares Raspberry Vanilla Yoghurt 4 X80g","productPrice":"€2.00","productPriceAbbrv":" (€0.63/100g)"},{"productName":"Petis Filous Magic Squares Strawberry Vanilla Yoghurt 4 X80g","productPrice":"€2.00","productPriceAbbrv":" (€0.63/100g)"},{"productName":"Petits Filous Apricot And Strawberry Fromage Frais 4 X85g","productPrice":"€2.00","productPriceAbbrv":" (€0.59/100g)"},{"productName":"Petits Filous Strawberry Raspberry Fromage Frais 4 X85g","productPrice":"€2.00","productPriceAbbrv":" (€0.59/100g)"},{"productName":"Ferrero Kinder Milk Slice 5 X 28G","productPrice":"€1.50","productPriceAbbrv":" (€1.08/100g)"},{"productName":"Ferrero Kinder Pingui 4 X 30G","productPrice":"€1.50","productPriceAbbrv":" (€1.25/100g)"},{"productName":"Glenisk Baby Organic Apple Pear Fromage Frais 4 X60g","productPrice":"€1.50","productPriceAbbrv":" (€0.63/100g)"},{"productName":"Glenisk Baby Organic Bana/Pch Fromage Frais 4 X60g","productPrice":"€1.50","productPriceAbbrv":" (€0.63/100g)"},{"productName":"Glenisk Baby Organic Strawberry Apple Fromage Frais 4 X60g","productPrice":"€1.50","productPriceAbbrv":" (€0.63/100g)"},{"productName":"Glenisk Organic Baby Natural 4X60g","productPrice":"€1.50","productPriceAbbrv":" (€6.25/kg)"},{"productName":"Kinder Maxi King 3 Pack 105G","productPrice":"€1.50","productPriceAbbrv":" (€1.43/100g)"},{"productName":"Munch Bunch Fromage Frais With Fruit Puree 6X42g","productPrice":"€1.50","productPriceAbbrv":" (€0.60/100g)"},{"productName":"Frubes Banana And Strawberry Yogurts 9X37g","productPrice":"€1.32","productPriceAbbrv":" (€0.40/100g)"},{"productName":"Frubes Chocolate And Caramel Yogurts 9X37g","productPrice":"€1.32","productPriceAbbrv":" (€0.40/100g)"},{"productName":"Frubes Strawberry Red Berry And Peach Yogurts 9X37g","productPrice":"€1.32","productPriceAbbrv":" (€0.40/100g)"},{"productName":"Frubes Strawberry Yogurts 9X37g","productPrice":"€1.32","productPriceAbbrv":" (€0.40/100g)"},{"productName":"Glenisk Mango Pasnfruit 0% Fat Protein Yog150g","productPrice":"€1.00","productPriceAbbrv":" (€6.67/kg)"},{"productName":"Actimel 0% Lemon Yoghurt Drink 8 X 100G","productPrice":"€3.99","productPriceAbbrv":" (€0.50/100g)"},{"productName":"For Goodness Shakes Ultimate Chocolate 475Ml","productPrice":"€3.00","productPriceAbbrv":" (€0.63/100ml)"},{"productName":"For Goodness Shakes Ultimate Strawberry 475Ml","productPrice":"€3.00","productPriceAbbrv":" (€0.63/100ml)"},{"productName":"Petis Filous Yoghurt Smoothie Strawberry And Banana 4X170g","productPrice":"€2.00","productPriceAbbrv":" (€0.29/100g)"},{"productName":"Yollies Raspberry Yoghurt 4 X25g","productPrice":"€2.00","productPriceAbbrv":" (€20.00/kg)"},{"productName":"Yollies Strawberry Yoghurt 4 X25g","productPrice":"€2.00","productPriceAbbrv":" (€20.00/kg)"},{"productName":"Milkybar Milk Slices 4X26g","productPrice":"€1.50","productPriceAbbrv":" (€1.45/100g)"},{"productName":"Alpro Greek Style Mango Yoghurt 150G","productPrice":"€1.00","productPriceAbbrv":" (€0.67/100g)"},{"productName":"Alpro Greek Style Passion Fruit Yoghurt 150G","productPrice":"€1.00","productPriceAbbrv":" (€0.67/100g)"},{"productName":"Alpro Greek Style Strawberry And Raspberry Yoghurt 150G","productPrice":"€1.00","productPriceAbbrv":" (€0.67/100g)"},{"productName":"Alpro Soya Single Chilled Soya Alternative To Cream 250Ml","productPrice":"€1.00","productPriceAbbrv":" (€0.40/100ml)"},{"productName":"Ballyfree Turkey Rashers 150G","productPrice":"€3.00","productPriceAbbrv":" (€20.00/kg)"},{"productName":"Denny Heritage Cure Beechwood Smoked Rasher 240G","productPrice":"€2.99","productPriceAbbrv":" (€12.46/kg)"},{"productName":"Henry Denny And Sons Hickory 8 Cap Rashers 240G","productPrice":"€2.50","productPriceAbbrv":" (€12.50/kg)"},{"productName":"Henry Denny And Sons Maple 8 Cap Rashers 240G","productPrice":"€2.50","productPriceAbbrv":" (€12.50/kg)"},{"productName":"Henry Denny And Sons Traditional 8 Cap Rashers 240G","productPrice":"€2.50","productPriceAbbrv":" (€12.50/kg)"},{"productName":"Tesco Finest Beechwood Smoked Irish Streak Rashers 240G","productPrice":"€2.50","productPriceAbbrv":" (€10.42/kg)"},{"productName":"Oak Park American Style Streaky Rasher 170G","productPrice":"€2.20","productPriceAbbrv":" (€12.95/kg)"},{"productName":"Cookstown Maple Back Bacon Twin Pack","productPrice":"€2.00","productPriceAbbrv":" (€6.67/kg)"},{"productName":"Cookstown Unsmoked Back Bacon Twin Pack 2X150g","productPrice":"€2.00","productPriceAbbrv":" (€6.67/kg)"},{"productName":"Tesco Hickory Irish Back Bacon Rashers 225G","productPrice":"€2.00","productPriceAbbrv":" (€8.89/kg)"},{"productName":"Tesco Irish Maple Cured Rashers 225G","productPrice":"€2.00","productPriceAbbrv":" (€8.89/kg)"},{"productName":"Rudd's Dry Cure Rasher 180G","productPrice":"€2.50","productPriceAbbrv":" (€13.89/kg)"},{"productName":"Tesco Ready To Cook Irish Gammon Joint W/Hon And Aplglaze 500G","productPrice":"€5.50","productPriceAbbrv":" (€11.00/kg)"},{"productName":"Tesco Ready To Cook Irish Bacon Joint Top Breadcrumbs And Herbs 550G","productPrice":"€4.50","productPriceAbbrv":" (€8.19/kg)"},{"productName":"Manor Farm Whole Bird 1.9Kg","productPrice":"€4.99","productPriceAbbrv":" (€2.63/kg)"},{"productName":"Tesco Sweet Chilli Cook In Bag Chicken Drumstick 1Kg","productPrice":"€4.50","productPriceAbbrv":" (€0.45/100g)"},{"productName":"Moy Park Cheese And Bacon Sensations 330G","productPrice":"€2.50","productPriceAbbrv":" (€7.58/kg)"}]